@article{katayama_1985_design,
  author = {Katayama, Tohru and Ohki, Takahira and Inoue, Toshio and Kato, Tomoyuki},
  month = {03},
  pages = {677-699},
  title = {Design of an optimal controller for a discrete-time system subject to previewable demand},
  doi = {10.1080/0020718508961156},
  urldate = {2022-05},
  volume = {41},
  year = {1985},
  journal = {International Journal of Control}
}

@article{kajita_2002_a,
  author = {Kajita, S and Kanehiro, F and Kaneko, K and Fujiwara, K and Yokoi, K and Hirukawa, H},
  month = {05},
  title = {A realtime pattern generator for biped walking},
  doi = {10.1109/robot.2002.1013335},
  volume = {4},
  year = {2002},
  journal = {Proceedings 2002 IEEE International Conference on Robotics and Automation (Cat. No.02CH37292)}
}

@article{kajita_2003_biped,
  author = {Kajita, S and Kanehiro, F and Kaneko, K and Fujiwara, K and Harada, K and Yokoi, K and Hirukawa, H},
  month = {09},
  title = {Biped walking pattern generation by using preview control of zero-moment point},
  doi = {10.1109/robot.2003.1241826},
  volume = {3},
  year = {2003},
  journal = {2003 IEEE International Conference on Robotics and Automation (Cat. No.03CH37422)}
}

@book{perez_2014_fundamentals,
  author = {Perez, Tristan},
  publisher = {The University of Newcastle},
  title = {Fundamentals of mechanical systems},
  year = {2014}
}

@misc{renton_2021_lecture,
  author = {Renton, Chris},
  publisher = {The University Of Newcastle},
  title = {Lecture notes: MCHA4100 - mechatronics systems},
  year = {2021}
}

@book{grimble_2009_robotics,
  author = {Grimble, Michael J and Johnson, Michael A and Siciliano, Bruno and Sciavicco, Lorenzo and Villani, Luigi and Oriolo, Giuseppe},
  publisher = {London Springer London},
  title = {Robotics},
  year = {2009}
}

@book{raibert_1986_legged,
  author = {Raibert, Marc H},
  publisher = {Mit Press},
  title = {Legged robots that balance},
  year = {1986}
}

@book{devlin_2018_turned,
  author = {Devlin, Kate},
  publisher = {Bloomsbury Sigma},
  title = {Turned on : science, sex and robots},
  year = {2018}
}

@book{rtruitte_2015_medieval,
  author = {R, Truitt E},
  month = {12},
  publisher = {University of Pennsylvania Press},
  title = {Medieval robots},
  doi = {10.9783/9780812291407},
  urldate = {2022-10},
  year = {2015}
}

@book{nocedal_2006_numerical,
  author = {Nocedal, Jorge and Wright, Stephen J},
  publisher = {New York, N.Y. Springer},
  title = {Numerical optimization},
  year = {2006}
}

@book{siciliano_2008_springer,
  author = {Siciliano, Bruno and Springer, },
  publisher = {Springer},
  title = {Springer handbook of robotics},
  doi = {10.1007/9783540303015},
  year = {2008}
}

@book{siciliano_2016_springer,
  author = {Siciliano, Bruno and Khatib, Oussama and Proquest EBook Central},
  edition = {2nd},
  publisher = {Springer International Publishing},
  title = {Springer handbook of robotics},
  year = {2016}
}

@article{vukobratovi_1968_contribution,
  author = {Vukobratović, Miomir and Juričić, Davor},
  month = {09},
  pages = {469-478},
  title = {Contribution to the Synthesis of Biped Gait},
  doi = {10.1016/s1474-6670(17)68891-8},
  urldate = {2022-10-20},
  volume = {2},
  year = {1968},
  journal = {IFAC Proceedings Volumes}
}

@article{vukobratovi_2004_zeromoment,
  author = {VUKOBRATOVIĆ, MIOMIR and BOROVAC, BRANISLAV},
  month = {03},
  pages = {157-173},
  title = {ZERO-MOMENT POINT — THIRTY FIVE YEARS OF ITS LIFE},
  doi = {10.1142/s0219843604000083},
  volume = {01},
  year = {2004},
  journal = {International Journal of Humanoid Robotics}
}

@article{kat_1973_development,
  author = {Katō , Ichirō},
  pages = {173-174},
  title = {Development of biped walking robot (WABOT-1)},
  doi = {10.3951/biomechanisms.2.173},
  urldate = {2022-05-29},
  volume = {2},
  year = {1973},
  journal = {Biomechanisms}
}

@article{vukobratovi_1983_is,
  author = {Vukobratović, M. and Stokić, D.},
  month = {06},
  pages = {18-34},
  title = {Is Dynamic Control Needed in Robotic Systems, and, if So, to What Extent?},
  doi = {10.1177/027836498300200202},
  urldate = {2022-05-29},
  volume = {2},
  year = {1983},
  journal = {The International Journal of Robotics Research}
}

@article{hirose_1984_a,
  author = {Hirose, Shigeo},
  month = {06},
  pages = {113-133},
  title = {A Study of Design and Control of a Quadruped Walking Vehicle},
  doi = {10.1177/027836498400300210},
  urldate = {2022-05-29},
  volume = {3},
  year = {1984},
  journal = {The International Journal of Robotics Research}
}