@article{katayama_1985_design,
  author = {KATAYAMA, TOHRU and OHKI, TAKAHIRA and INOUE, TOSHIO and KATO, TOMOYUKI},
  month = {03},
  pages = {677-699},
  title = {Design of an optimal controller for a discrete-time system subject to previewable demand},
  doi = {10.1080/0020718508961156},
  urldate = {2022-05-20},
  volume = {41},
  year = {1985},
  journal = {International Journal of Control}
}

@article{kajita_2002_a,
  author = {Kajita, S. and Kanehiro, F. and Kaneko, K. and Fujiwara, K. and Yokoi, K. and Hirukawa, H.},
  month = {05},
  title = {A realtime pattern generator for biped walking},
  doi = {10.1109/robot.2002.1013335},
  volume = {4},
  year = {2002},
  journal = {Proceedings 2002 IEEE International Conference on Robotics and Automation (Cat. No.02CH37292)}
}

@article{kajita_2003_biped,
  author = {Kajita, S. and Kanehiro, F. and Kaneko, K. and Fujiwara, K. and Harada, K. and Yokoi, K. and Hirukawa, H.},
  month = {09},
  title = {Biped walking pattern generation by using preview control of zero-moment point},
  doi = {10.1109/robot.2003.1241826},
  volume = {3},
  year = {2003},
  journal = {2003 IEEE International Conference on Robotics and Automation (Cat. No.03CH37422)}
}